%YAML 1.1
%TAG !u! tag:unity3d.com,2011:
--- !u!29 &1
SceneSettings:
  m_ObjectHideFlags: 0
  m_PVSData: 
  m_PVSObjectsArray: []
  m_PVSPortalsArray: []
  m_OcclusionBakeSettings:
    smallestOccluder: 5
    smallestHole: 0.25
    backfaceThreshold: 100
--- !u!104 &2
RenderSettings:
  m_ObjectHideFlags: 0
  serializedVersion: 7
  m_Fog: 0
  m_FogColor: {r: 0.5, g: 0.5, b: 0.5, a: 1}
  m_FogMode: 3
  m_FogDensity: 0.01
  m_LinearFogStart: 0
  m_LinearFogEnd: 300
  m_AmbientSkyColor: {r: 0.212, g: 0.227, b: 0.259, a: 1}
  m_AmbientEquatorColor: {r: 0.114, g: 0.125, b: 0.133, a: 1}
  m_AmbientGroundColor: {r: 0.047, g: 0.043, b: 0.035, a: 1}
  m_AmbientIntensity: 1
  m_AmbientMode: 3
  m_SkyboxMaterial: {fileID: 0}
  m_HaloStrength: 0.5
  m_FlareStrength: 1
  m_FlareFadeSpeed: 3
  m_HaloTexture: {fileID: 0}
  m_SpotCookie: {fileID: 10001, guid: 0000000000000000e000000000000000, type: 0}
  m_DefaultReflectionMode: 0
  m_DefaultReflectionResolution: 128
  m_ReflectionBounces: 1
  m_ReflectionIntensity: 1
  m_CustomReflection: {fileID: 0}
  m_Sun: {fileID: 0}
  m_IndirectSpecularColor: {r: 0, g: 0, b: 0, a: 1}
--- !u!157 &3
LightmapSettings:
  m_ObjectHideFlags: 0
  serializedVersion: 7
  m_GIWorkflowMode: 1
  m_GISettings:
    serializedVersion: 2
    m_BounceScale: 1
    m_IndirectOutputScale: 1
    m_AlbedoBoost: 1
    m_TemporalCoherenceThreshold: 1
    m_EnvironmentLightingMode: 0
    m_EnableBakedLightmaps: 0
    m_EnableRealtimeLightmaps: 0
  m_LightmapEditorSettings:
    serializedVersion: 4
    m_Resolution: 2
    m_BakeResolution: 40
    m_TextureWidth: 1024
    m_TextureHeight: 1024
    m_AO: 0
    m_AOMaxDistance: 1
    m_CompAOExponent: 1
    m_CompAOExponentDirect: 0
    m_Padding: 2
    m_LightmapParameters: {fileID: 0}
    m_LightmapsBakeMode: 1
    m_TextureCompression: 1
    m_DirectLightInLightProbes: 1
    m_FinalGather: 0
    m_FinalGatherFiltering: 1
    m_FinalGatherRayCount: 256
    m_ReflectionCompression: 2
  m_LightingDataAsset: {fileID: 0}
  m_RuntimeCPUUsage: 25
--- !u!196 &4
NavMeshSettings:
  serializedVersion: 2
  m_ObjectHideFlags: 0
  m_BuildSettings:
    serializedVersion: 2
    agentRadius: 0.5
    agentHeight: 2
    agentSlope: 45
    agentClimb: 0.4
    ledgeDropHeight: 0
    maxJumpAcrossDistance: 0
    accuratePlacement: 0
    minRegionArea: 2
    cellSize: 0.16666667
    manualCellSize: 0
  m_NavMeshData: {fileID: 0}
--- !u!4 &29778912
Transform:
  m_ObjectHideFlags: 0
  m_PrefabParentObject: {fileID: 4000013015153420, guid: 997997bbe908b0c42b570e2d7d17a91f,
    type: 2}
  m_PrefabInternal: {fileID: 0}
  m_GameObject: {fileID: 1894267404}
  m_LocalRotation: {x: -0, y: -0, z: -0, w: 1}
  m_LocalPosition: {x: -2, y: -4, z: 0}
  m_LocalScale: {x: 1, y: 1, z: 1}
  m_LocalEulerAnglesHint: {x: 0, y: 0, z: 0}
  m_Children: []
  m_Father: {fileID: 1203503477}
  m_RootOrder: 5
--- !u!1 &54151643
GameObject:
  m_ObjectHideFlags: 0
  m_PrefabParentObject: {fileID: 0}
  m_PrefabInternal: {fileID: 0}
  serializedVersion: 4
  m_Component:
  - 4: {fileID: 54151645}
  - 114: {fileID: 54151644}
  m_Layer: 0
  m_Name: Manager
  m_TagString: Untagged
  m_Icon: {fileID: 0}
  m_NavMeshLayer: 0
  m_StaticEditorFlags: 0
  m_IsActive: 1
--- !u!114 &54151644
MonoBehaviour:
  m_ObjectHideFlags: 0
  m_PrefabParentObject: {fileID: 0}
  m_PrefabInternal: {fileID: 0}
  m_GameObject: {fileID: 54151643}
  m_Enabled: 1
  m_EditorHideFlags: 0
  m_Script: {fileID: 11500000, guid: ebb344ed50dd96441b13028dab8b6a8c, type: 3}
  m_Name: 
  m_EditorClassIdentifier: 
  greatGreatGrandparentsHolder: {fileID: 285630143}
  greatGrandparentsHolder: {fileID: 1203503477}
  grandparentsHolder: {fileID: 518143959}
  parentsHolder: {fileID: 1803581485}
  kidHolder: {fileID: 760151732}
  human: {fileID: 1000013861239828, guid: 997997bbe908b0c42b570e2d7d17a91f, type: 2}
  lineMaterial: {fileID: 2100000, guid: 2b7f123187ea5344bb7a28f62afa54de, type: 2}
--- !u!4 &54151645
Transform:
  m_ObjectHideFlags: 0
  m_PrefabParentObject: {fileID: 0}
  m_PrefabInternal: {fileID: 0}
  m_GameObject: {fileID: 54151643}
  m_LocalRotation: {x: 0, y: 0, z: 0, w: 1}
  m_LocalPosition: {x: -3.206408, y: 0.9713698, z: 0}
  m_LocalScale: {x: 1, y: 1, z: 1}
  m_LocalEulerAnglesHint: {x: 0, y: 0, z: 0}
  m_Children: []
  m_Father: {fileID: 0}
  m_RootOrder: 1
--- !u!1 &83921686
GameObject:
  m_ObjectHideFlags: 0
  m_PrefabParentObject: {fileID: 1000014216960576, guid: 997997bbe908b0c42b570e2d7d17a91f,
    type: 2}
  m_PrefabInternal: {fileID: 0}
  serializedVersion: 4
  m_Component:
  - 4: {fileID: 1472372149}
  m_Layer: 0
  m_Name: Grandparent3
  m_TagString: Untagged
  m_Icon: {fileID: 0}
  m_NavMeshLayer: 0
  m_StaticEditorFlags: 0
  m_IsActive: 1
--- !u!4 &83996118
Transform:
  m_ObjectHideFlags: 0
  m_PrefabParentObject: {fileID: 4000013015153420, guid: 997997bbe908b0c42b570e2d7d17a91f,
    type: 2}
  m_PrefabInternal: {fileID: 0}
  m_GameObject: {fileID: 129130656}
  m_LocalRotation: {x: -0, y: -0, z: -0, w: 1}
  m_LocalPosition: {x: -3, y: 5.5, z: 0}
  m_LocalScale: {x: 1, y: 1, z: 1}
  m_LocalEulerAnglesHint: {x: 0, y: 0, z: 0}
  m_Children: []
  m_Father: {fileID: 285630143}
  m_RootOrder: 2
--- !u!1 &129130656
GameObject:
  m_ObjectHideFlags: 0
  m_PrefabParentObject: {fileID: 1000014216960576, guid: 997997bbe908b0c42b570e2d7d17a91f,
    type: 2}
  m_PrefabInternal: {fileID: 0}
  serializedVersion: 4
  m_Component:
  - 4: {fileID: 83996118}
  m_Layer: 0
  m_Name: GreatGreatGrandparent2
  m_TagString: Untagged
  m_Icon: {fileID: 0}
  m_NavMeshLayer: 0
  m_StaticEditorFlags: 0
  m_IsActive: 1
--- !u!4 &170326979
Transform:
  m_ObjectHideFlags: 0
  m_PrefabParentObject: {fileID: 4000013015153420, guid: 997997bbe908b0c42b570e2d7d17a91f,
    type: 2}
  m_PrefabInternal: {fileID: 0}
  m_GameObject: {fileID: 535530223}
  m_LocalRotation: {x: -0, y: -0, z: -0, w: 1}
  m_LocalPosition: {x: 5, y: -6.5, z: 0}
  m_LocalScale: {x: 1, y: 1, z: 1}
  m_LocalEulerAnglesHint: {x: 0, y: 0, z: 0}
  m_Children: []
  m_Father: {fileID: 285630143}
  m_RootOrder: 14
--- !u!4 &228388137
Transform:
  m_ObjectHideFlags: 0
  m_PrefabParentObject: {fileID: 4000013015153420, guid: 997997bbe908b0c42b570e2d7d17a91f,
    type: 2}
  m_PrefabInternal: {fileID: 0}
  m_GameObject: {fileID: 1086622877}
  m_LocalRotation: {x: -0, y: -0, z: -0, w: 1}
  m_LocalPosition: {x: -5, y: -6.5, z: 0}
  m_LocalScale: {x: 1, y: 1, z: 1}
  m_LocalEulerAnglesHint: {x: 0, y: 0, z: 0}
  m_Children: []
  m_Father: {fileID: 285630143}
  m_RootOrder: 9
--- !u!1 &250832238
GameObject:
  m_ObjectHideFlags: 0
  m_PrefabParentObject: {fileID: 0}
  m_PrefabInternal: {fileID: 0}
  serializedVersion: 4
  m_Component:
  - 4: {fileID: 250832240}
  - 108: {fileID: 250832239}
  m_Layer: 0
  m_Name: Directional light
  m_TagString: Untagged
  m_Icon: {fileID: 0}
  m_NavMeshLayer: 0
  m_StaticEditorFlags: 0
  m_IsActive: 1
--- !u!108 &250832239
Light:
  m_ObjectHideFlags: 0
  m_PrefabParentObject: {fileID: 0}
  m_PrefabInternal: {fileID: 0}
  m_GameObject: {fileID: 250832238}
  m_Enabled: 1
  serializedVersion: 7
  m_Type: 1
  m_Color: {r: 1, g: 1, b: 1, a: 1}
  m_Intensity: 0.5
  m_Range: 10
  m_SpotAngle: 30
  m_CookieSize: 10
  m_Shadows:
    m_Type: 0
    m_Resolution: -1
    m_CustomResolution: -1
    m_Strength: 1
    m_Bias: 0.05
    m_NormalBias: 0.4
    m_NearPlane: 0.2
  m_Cookie: {fileID: 0}
  m_DrawHalo: 0
  m_Flare: {fileID: 0}
  m_RenderMode: 0
  m_CullingMask:
    serializedVersion: 2
    m_Bits: 4294967295
  m_Lightmapping: 4
  m_AreaSize: {x: 1, y: 1}
  m_BounceIntensity: 1
  m_ShadowRadius: 0
  m_ShadowAngle: 0
--- !u!4 &250832240
Transform:
  m_ObjectHideFlags: 0
  m_PrefabParentObject: {fileID: 0}
  m_PrefabInternal: {fileID: 0}
  m_GameObject: {fileID: 250832238}
  m_LocalRotation: {x: -0, y: -0, z: -0, w: 1}
  m_LocalPosition: {x: 0, y: 0, z: 0}
  m_LocalScale: {x: 1, y: 1, z: 1}
  m_LocalEulerAnglesHint: {x: 0, y: 0, z: 0}
  m_Children: []
  m_Father: {fileID: 0}
  m_RootOrder: 3
--- !u!1 &274367756
GameObject:
  m_ObjectHideFlags: 0
  m_PrefabParentObject: {fileID: 0}
  m_PrefabInternal: {fileID: 0}
  serializedVersion: 4
  m_Component:
  - 4: {fileID: 274367761}
  - 20: {fileID: 274367760}
  - 92: {fileID: 274367759}
  - 124: {fileID: 274367758}
  - 81: {fileID: 274367757}
  m_Layer: 0
  m_Name: Main Camera
  m_TagString: MainCamera
  m_Icon: {fileID: 0}
  m_NavMeshLayer: 0
  m_StaticEditorFlags: 0
  m_IsActive: 1
--- !u!81 &274367757
AudioListener:
  m_ObjectHideFlags: 0
  m_PrefabParentObject: {fileID: 0}
  m_PrefabInternal: {fileID: 0}
  m_GameObject: {fileID: 274367756}
  m_Enabled: 1
--- !u!124 &274367758
Behaviour:
  m_ObjectHideFlags: 0
  m_PrefabParentObject: {fileID: 0}
  m_PrefabInternal: {fileID: 0}
  m_GameObject: {fileID: 274367756}
  m_Enabled: 1
--- !u!92 &274367759
Behaviour:
  m_ObjectHideFlags: 0
  m_PrefabParentObject: {fileID: 0}
  m_PrefabInternal: {fileID: 0}
  m_GameObject: {fileID: 274367756}
  m_Enabled: 1
--- !u!20 &274367760
Camera:
  m_ObjectHideFlags: 0
  m_PrefabParentObject: {fileID: 0}
  m_PrefabInternal: {fileID: 0}
  m_GameObject: {fileID: 274367756}
  m_Enabled: 1
  serializedVersion: 2
  m_ClearFlags: 1
  m_BackGroundColor: {r: 1, g: 1, b: 1, a: 0}
  m_NormalizedViewPortRect:
    serializedVersion: 2
    x: 0
    y: 0
    width: 1
    height: 1
  near clip plane: 0.3
  far clip plane: 1000
  field of view: 60
  orthographic: 1
  orthographic size: 5
  m_Depth: -1
  m_CullingMask:
    serializedVersion: 2
    m_Bits: 4294967295
  m_RenderingPath: -1
  m_TargetTexture: {fileID: 0}
  m_TargetDisplay: 0
  m_TargetEye: 3
  m_HDR: 0
  m_OcclusionCulling: 1
  m_StereoConvergence: 10
  m_StereoSeparation: 0.022
  m_StereoMirrorMode: 0
--- !u!4 &274367761
Transform:
  m_ObjectHideFlags: 0
  m_PrefabParentObject: {fileID: 0}
  m_PrefabInternal: {fileID: 0}
  m_GameObject: {fileID: 274367756}
  m_LocalRotation: {x: 0, y: 0, z: 0, w: 1}
  m_LocalPosition: {x: 0, y: 0, z: -10}
  m_LocalScale: {x: 1, y: 1, z: 1}
  m_LocalEulerAnglesHint: {x: 0, y: 0, z: 0}
  m_Children: []
  m_Father: {fileID: 0}
  m_RootOrder: 0
--- !u!1 &285630142
GameObject:
  m_ObjectHideFlags: 0
  m_PrefabParentObject: {fileID: 0}
  m_PrefabInternal: {fileID: 0}
  serializedVersion: 4
  m_Component:
  - 4: {fileID: 285630143}
  m_Layer: 0
  m_Name: Great-Great-Grandparents
  m_TagString: Untagged
  m_Icon: {fileID: 0}
  m_NavMeshLayer: 0
  m_StaticEditorFlags: 0
  m_IsActive: 1
--- !u!4 &285630143
Transform:
  m_ObjectHideFlags: 0
  m_PrefabParentObject: {fileID: 0}
  m_PrefabInternal: {fileID: 0}
  m_GameObject: {fileID: 285630142}
  m_LocalRotation: {x: -0, y: -0, z: -0, w: 1}
  m_LocalPosition: {x: 0, y: 0, z: 0}
  m_LocalScale: {x: 1, y: 1, z: 1}
  m_LocalEulerAnglesHint: {x: 0, y: 0, z: 0}
  m_Children:
  - {fileID: 1614800113}
  - {fileID: 1382942545}
  - {fileID: 83996118}
  - {fileID: 1123360304}
  - {fileID: 401908472}
  - {fileID: 988658344}
  - {fileID: 1349707821}
  - {fileID: 1090685645}
  - {fileID: 1173166887}
  - {fileID: 228388137}
  - {fileID: 1811895244}
  - {fileID: 1446664742}
  - {fileID: 982402788}
  - {fileID: 1169454651}
  - {fileID: 170326979}
  - {fileID: 2067985221}
  m_Father: {fileID: 1084863529}
  m_RootOrder: 0
--- !u!4 &324970671
Transform:
  m_ObjectHideFlags: 0
  m_PrefabParentObject: {fileID: 4000013015153420, guid: 997997bbe908b0c42b570e2d7d17a91f,
    type: 2}
  m_PrefabInternal: {fileID: 0}
  m_GameObject: {fileID: 2022262943}
  m_LocalRotation: {x: -0, y: -0, z: -0, w: 1}
  m_LocalPosition: {x: -2, y: 3, z: 0}
  m_LocalScale: {x: 1, y: 1, z: 1}
  m_LocalEulerAnglesHint: {x: 0, y: 0, z: 0}
  m_Children: []
  m_Father: {fileID: 1203503477}
  m_RootOrder: 1
--- !u!1 &353185618
GameObject:
  m_ObjectHideFlags: 0
  m_PrefabParentObject: {fileID: 0}
  m_PrefabInternal: {fileID: 0}
  serializedVersion: 4
  m_Component:
  - 224: {fileID: 353185622}
  - 223: {fileID: 353185621}
  - 114: {fileID: 353185620}
  - 114: {fileID: 353185619}
  m_Layer: 5
  m_Name: Canvas
  m_TagString: Untagged
  m_Icon: {fileID: 0}
  m_NavMeshLayer: 0
  m_StaticEditorFlags: 0
  m_IsActive: 1
--- !u!114 &353185619
MonoBehaviour:
  m_ObjectHideFlags: 0
  m_PrefabParentObject: {fileID: 0}
  m_PrefabInternal: {fileID: 0}
  m_GameObject: {fileID: 353185618}
  m_Enabled: 1
  m_EditorHideFlags: 0
  m_Script: {fileID: 1301386320, guid: f5f67c52d1564df4a8936ccd202a3bd8, type: 3}
  m_Name: 
  m_EditorClassIdentifier: 
  m_IgnoreReversedGraphics: 1
  m_BlockingObjects: 0
  m_BlockingMask:
    serializedVersion: 2
    m_Bits: 4294967295
--- !u!114 &353185620
MonoBehaviour:
  m_ObjectHideFlags: 0
  m_PrefabParentObject: {fileID: 0}
  m_PrefabInternal: {fileID: 0}
  m_GameObject: {fileID: 353185618}
  m_Enabled: 1
  m_EditorHideFlags: 0
  m_Script: {fileID: 1980459831, guid: f5f67c52d1564df4a8936ccd202a3bd8, type: 3}
  m_Name: 
  m_EditorClassIdentifier: 
  m_UiScaleMode: 0
  m_ReferencePixelsPerUnit: 100
  m_ScaleFactor: 1
  m_ReferenceResolution: {x: 800, y: 600}
  m_ScreenMatchMode: 0
  m_MatchWidthOrHeight: 0
  m_PhysicalUnit: 3
  m_FallbackScreenDPI: 96
  m_DefaultSpriteDPI: 96
  m_DynamicPixelsPerUnit: 1
--- !u!223 &353185621
Canvas:
  m_ObjectHideFlags: 0
  m_PrefabParentObject: {fileID: 0}
  m_PrefabInternal: {fileID: 0}
  m_GameObject: {fileID: 353185618}
  m_Enabled: 1
  serializedVersion: 2
  m_RenderMode: 0
  m_Camera: {fileID: 0}
  m_PlaneDistance: 100
  m_PixelPerfect: 0
  m_ReceivesEvents: 1
  m_OverrideSorting: 0
  m_OverridePixelPerfect: 0
  m_SortingBucketNormalizedSize: 0
  m_SortingLayerID: 0
  m_SortingOrder: 0
  m_TargetDisplay: 0
--- !u!224 &353185622
RectTransform:
  m_ObjectHideFlags: 0
  m_PrefabParentObject: {fileID: 0}
  m_PrefabInternal: {fileID: 0}
  m_GameObject: {fileID: 353185618}
  m_LocalRotation: {x: 0, y: 0, z: 0, w: 1}
  m_LocalPosition: {x: 0, y: 0, z: 0}
  m_LocalScale: {x: 0, y: 0, z: 0}
  m_LocalEulerAnglesHint: {x: 0, y: 0, z: 0}
  m_Children:
  - {fileID: 449760340}
  m_Father: {fileID: 0}
  m_RootOrder: 2
  m_AnchorMin: {x: 0, y: 0}
  m_AnchorMax: {x: 0, y: 0}
  m_AnchoredPosition: {x: 0, y: 0}
  m_SizeDelta: {x: 0, y: 0}
  m_Pivot: {x: 0, y: 0}
--- !u!4 &401908472
Transform:
  m_ObjectHideFlags: 0
  m_PrefabParentObject: {fileID: 4000013015153420, guid: 997997bbe908b0c42b570e2d7d17a91f,
    type: 2}
  m_PrefabInternal: {fileID: 0}
  m_GameObject: {fileID: 1781338964}
  m_LocalRotation: {x: -0, y: -0, z: -0, w: 1}
  m_LocalPosition: {x: 1, y: 5.5, z: 0}
  m_LocalScale: {x: 1, y: 1, z: 1}
  m_LocalEulerAnglesHint: {x: 0, y: 0, z: 0}
  m_Children: []
  m_Father: {fileID: 285630143}
  m_RootOrder: 4
--- !u!1 &449760339
GameObject:
  m_ObjectHideFlags: 0
  m_PrefabParentObject: {fileID: 0}
  m_PrefabInternal: {fileID: 0}
  serializedVersion: 4
  m_Component:
  - 224: {fileID: 449760340}
  - 222: {fileID: 449760342}
  - 114: {fileID: 449760341}
  m_Layer: 5
  m_Name: Text
  m_TagString: Untagged
  m_Icon: {fileID: 0}
  m_NavMeshLayer: 0
  m_StaticEditorFlags: 0
  m_IsActive: 0
--- !u!224 &449760340
RectTransform:
  m_ObjectHideFlags: 0
  m_PrefabParentObject: {fileID: 0}
  m_PrefabInternal: {fileID: 0}
  m_GameObject: {fileID: 449760339}
  m_LocalRotation: {x: 0, y: 0, z: 0, w: 1}
  m_LocalPosition: {x: 0, y: 0, z: 0}
  m_LocalScale: {x: 1, y: 1, z: 1}
  m_LocalEulerAnglesHint: {x: 0, y: 0, z: 0}
  m_Children: []
  m_Father: {fileID: 353185622}
  m_RootOrder: 0
  m_AnchorMin: {x: 0.05, y: 0.9}
  m_AnchorMax: {x: 1, y: 1}
  m_AnchoredPosition: {x: 0, y: 0}
  m_SizeDelta: {x: 0, y: 0}
  m_Pivot: {x: 0.5, y: 0.5}
--- !u!114 &449760341
MonoBehaviour:
  m_ObjectHideFlags: 0
  m_PrefabParentObject: {fileID: 0}
  m_PrefabInternal: {fileID: 0}
  m_GameObject: {fileID: 449760339}
  m_Enabled: 1
  m_EditorHideFlags: 0
  m_Script: {fileID: 708705254, guid: f5f67c52d1564df4a8936ccd202a3bd8, type: 3}
  m_Name: 
  m_EditorClassIdentifier: 
  m_Material: {fileID: 0}
  m_Color: {r: 0, g: 0, b: 0, a: 1}
  m_RaycastTarget: 1
  m_OnCullStateChanged:
    m_PersistentCalls:
      m_Calls: []
    m_TypeName: UnityEngine.UI.MaskableGraphic+CullStateChangedEvent, UnityEngine.UI,
      Version=1.0.0.0, Culture=neutral, PublicKeyToken=null
  m_FontData:
    m_Font: {fileID: 10102, guid: 0000000000000000e000000000000000, type: 0}
    m_FontSize: 14
    m_FontStyle: 0
    m_BestFit: 1
    m_MinSize: 10
    m_MaxSize: 40
    m_Alignment: 3
    m_AlignByGeometry: 0
    m_RichText: 1
    m_HorizontalOverflow: 0
    m_VerticalOverflow: 0
    m_LineSpacing: 1
  m_Text: Press "R" to reset and escape to return
--- !u!222 &449760342
CanvasRenderer:
  m_ObjectHideFlags: 0
  m_PrefabParentObject: {fileID: 0}
  m_PrefabInternal: {fileID: 0}
  m_GameObject: {fileID: 449760339}
--- !u!1 &451891432
GameObject:
  m_ObjectHideFlags: 0
  m_PrefabParentObject: {fileID: 1000014216960576, guid: 997997bbe908b0c42b570e2d7d17a91f,
    type: 2}
  m_PrefabInternal: {fileID: 0}
  serializedVersion: 4
  m_Component:
  - 4: {fileID: 988658344}
  m_Layer: 0
  m_Name: GreatGreatGrandparent5
  m_TagString: Untagged
  m_Icon: {fileID: 0}
  m_NavMeshLayer: 0
  m_StaticEditorFlags: 0
  m_IsActive: 1
--- !u!1 &518143958
GameObject:
  m_ObjectHideFlags: 0
  m_PrefabParentObject: {fileID: 0}
  m_PrefabInternal: {fileID: 0}
  serializedVersion: 4
  m_Component:
  - 4: {fileID: 518143959}
  m_Layer: 0
  m_Name: Grandparents
  m_TagString: Untagged
  m_Icon: {fileID: 0}
  m_NavMeshLayer: 0
  m_StaticEditorFlags: 0
  m_IsActive: 1
--- !u!4 &518143959
Transform:
  m_ObjectHideFlags: 0
  m_PrefabParentObject: {fileID: 0}
  m_PrefabInternal: {fileID: 0}
  m_GameObject: {fileID: 518143958}
  m_LocalRotation: {x: -0, y: -0, z: -0, w: 1}
  m_LocalPosition: {x: 0, y: 0, z: 0}
  m_LocalScale: {x: 1, y: 1, z: 1}
  m_LocalEulerAnglesHint: {x: 0, y: 0, z: 0}
  m_Children:
  - {fileID: 786003843}
  - {fileID: 1108823236}
  - {fileID: 1442325214}
  - {fileID: 1472372149}
  m_Father: {fileID: 1084863529}
  m_RootOrder: 2
--- !u!1 &535530223
GameObject:
  m_ObjectHideFlags: 0
  m_PrefabParentObject: {fileID: 1000014216960576, guid: 997997bbe908b0c42b570e2d7d17a91f,
    type: 2}
  m_PrefabInternal: {fileID: 0}
  serializedVersion: 4
  m_Component:
  - 4: {fileID: 170326979}
  m_Layer: 0
  m_Name: GreatGreatGrandparent14
  m_TagString: Untagged
  m_Icon: {fileID: 0}
  m_NavMeshLayer: 0
  m_StaticEditorFlags: 0
  m_IsActive: 1
--- !u!4 &565506013
Transform:
  m_ObjectHideFlags: 0
  m_PrefabParentObject: {fileID: 4000013015153420, guid: 997997bbe908b0c42b570e2d7d17a91f,
    type: 2}
  m_PrefabInternal: {fileID: 0}
  m_GameObject: {fileID: 1233134585}
  m_LocalRotation: {x: -0, y: -0, z: -0, w: 1}
  m_LocalPosition: {x: 2, y: 3, z: 0}
  m_LocalScale: {x: 1, y: 1, z: 1}
  m_LocalEulerAnglesHint: {x: 0, y: 0, z: 0}
  m_Children: []
  m_Father: {fileID: 1203503477}
  m_RootOrder: 2
--- !u!4 &582168251
Transform:
  m_ObjectHideFlags: 0
  m_PrefabParentObject: {fileID: 4000013015153420, guid: 997997bbe908b0c42b570e2d7d17a91f,
    type: 2}
  m_PrefabInternal: {fileID: 0}
  m_GameObject: {fileID: 633541991}
  m_LocalRotation: {x: -0, y: -0, z: -0, w: 1}
  m_LocalPosition: {x: 6, y: 3, z: 0}
  m_LocalScale: {x: 1, y: 1, z: 1}
  m_LocalEulerAnglesHint: {x: 0, y: 0, z: 0}
  m_Children: []
  m_Father: {fileID: 1203503477}
  m_RootOrder: 3
--- !u!1 &584956737
GameObject:
  m_ObjectHideFlags: 0
  m_PrefabParentObject: {fileID: 1000014216960576, guid: 997997bbe908b0c42b570e2d7d17a91f,
    type: 2}
  m_PrefabInternal: {fileID: 0}
  serializedVersion: 4
  m_Component:
  - 4: {fileID: 1090685645}
  m_Layer: 0
  m_Name: GreatGreatGrandparent7
  m_TagString: Untagged
  m_Icon: {fileID: 0}
  m_NavMeshLayer: 0
  m_StaticEditorFlags: 0
  m_IsActive: 1
--- !u!1 &617159659
GameObject:
  m_ObjectHideFlags: 0
  m_PrefabParentObject: {fileID: 1000014216960576, guid: 997997bbe908b0c42b570e2d7d17a91f,
    type: 2}
  m_PrefabInternal: {fileID: 0}
  serializedVersion: 4
  m_Component:
  - 4: {fileID: 1442325214}
  m_Layer: 0
  m_Name: Grandparent2
  m_TagString: Untagged
  m_Icon: {fileID: 0}
  m_NavMeshLayer: 0
  m_StaticEditorFlags: 0
  m_IsActive: 1
--- !u!1 &627423971
GameObject:
  m_ObjectHideFlags: 0
  m_PrefabParentObject: {fileID: 1000014216960576, guid: 997997bbe908b0c42b570e2d7d17a91f,
    type: 2}
  m_PrefabInternal: {fileID: 0}
  serializedVersion: 4
  m_Component:
  - 4: {fileID: 1123360304}
  m_Layer: 0
  m_Name: GreatGreatGrandparent3
  m_TagString: Untagged
  m_Icon: {fileID: 0}
  m_NavMeshLayer: 0
  m_StaticEditorFlags: 0
  m_IsActive: 1
--- !u!1 &633541991
GameObject:
  m_ObjectHideFlags: 0
  m_PrefabParentObject: {fileID: 1000014216960576, guid: 997997bbe908b0c42b570e2d7d17a91f,
    type: 2}
  m_PrefabInternal: {fileID: 0}
  serializedVersion: 4
  m_Component:
  - 4: {fileID: 582168251}
  m_Layer: 0
  m_Name: GreatGrandparent3
  m_TagString: Untagged
  m_Icon: {fileID: 0}
  m_NavMeshLayer: 0
  m_StaticEditorFlags: 0
  m_IsActive: 1
--- !u!1 &745695632
GameObject:
  m_ObjectHideFlags: 0
  m_PrefabParentObject: {fileID: 1000014216960576, guid: 997997bbe908b0c42b570e2d7d17a91f,
    type: 2}
  m_PrefabInternal: {fileID: 0}
  serializedVersion: 4
  m_Component:
  - 4: {fileID: 2057655026}
  m_Layer: 0
  m_Name: Parent0
  m_TagString: Untagged
  m_Icon: {fileID: 0}
  m_NavMeshLayer: 0
  m_StaticEditorFlags: 0
  m_IsActive: 1
--- !u!1 &760151731
GameObject:
  m_ObjectHideFlags: 0
  m_PrefabParentObject: {fileID: 0}
  m_PrefabInternal: {fileID: 0}
  serializedVersion: 4
  m_Component:
  - 4: {fileID: 760151732}
  m_Layer: 0
  m_Name: KidHolder
  m_TagString: Untagged
  m_Icon: {fileID: 0}
  m_NavMeshLayer: 0
  m_StaticEditorFlags: 0
  m_IsActive: 1
--- !u!4 &760151732
Transform:
  m_ObjectHideFlags: 0
  m_PrefabParentObject: {fileID: 0}
  m_PrefabInternal: {fileID: 0}
  m_GameObject: {fileID: 760151731}
  m_LocalRotation: {x: -0, y: -0, z: -0, w: 1}
  m_LocalPosition: {x: 0, y: -0.5, z: 0}
  m_LocalScale: {x: 1, y: 1, z: 1}
  m_LocalEulerAnglesHint: {x: 0, y: 0, z: 0}
  m_Children: []
  m_Father: {fileID: 1084863529}
  m_RootOrder: 4
--- !u!1 &770510710
GameObject:
  m_ObjectHideFlags: 0
  m_PrefabParentObject: {fileID: 1000014216960576, guid: 997997bbe908b0c42b570e2d7d17a91f,
    type: 2}
  m_PrefabInternal: {fileID: 0}
  serializedVersion: 4
  m_Component:
  - 4: {fileID: 1690722563}
  m_Layer: 0
  m_Name: GreatGrandparent4
  m_TagString: Untagged
  m_Icon: {fileID: 0}
  m_NavMeshLayer: 0
  m_StaticEditorFlags: 0
  m_IsActive: 1
--- !u!4 &786003843
Transform:
  m_ObjectHideFlags: 0
  m_PrefabParentObject: {fileID: 4000013015153420, guid: 997997bbe908b0c42b570e2d7d17a91f,
    type: 2}
  m_PrefabInternal: {fileID: 0}
  m_GameObject: {fileID: 1719587283}
  m_LocalRotation: {x: -0, y: -0, z: -0, w: 1}
  m_LocalPosition: {x: -4, y: 2, z: 0}
  m_LocalScale: {x: 1, y: 1, z: 1}
  m_LocalEulerAnglesHint: {x: 0, y: 0, z: 0}
  m_Children: []
  m_Father: {fileID: 518143959}
  m_RootOrder: 0
--- !u!1 &856255779
GameObject:
  m_ObjectHideFlags: 0
  m_PrefabParentObject: {fileID: 1000014216960576, guid: 997997bbe908b0c42b570e2d7d17a91f,
    type: 2}
  m_PrefabInternal: {fileID: 0}
  serializedVersion: 4
  m_Component:
  - 4: {fileID: 1169454651}
  m_Layer: 0
  m_Name: GreatGreatGrandparent13
  m_TagString: Untagged
  m_Icon: {fileID: 0}
  m_NavMeshLayer: 0
  m_StaticEditorFlags: 0
  m_IsActive: 1
--- !u!1 &953982672
GameObject:
  m_ObjectHideFlags: 0
  m_PrefabParentObject: {fileID: 1000014216960576, guid: 997997bbe908b0c42b570e2d7d17a91f,
    type: 2}
  m_PrefabInternal: {fileID: 0}
  serializedVersion: 4
  m_Component:
  - 4: {fileID: 1811895244}
  m_Layer: 0
  m_Name: GreatGreatGrandparent10
  m_TagString: Untagged
  m_Icon: {fileID: 0}
  m_NavMeshLayer: 0
  m_StaticEditorFlags: 0
  m_IsActive: 1
--- !u!4 &982402788
Transform:
  m_ObjectHideFlags: 0
  m_PrefabParentObject: {fileID: 4000013015153420, guid: 997997bbe908b0c42b570e2d7d17a91f,
    type: 2}
  m_PrefabInternal: {fileID: 0}
  m_GameObject: {fileID: 2050990941}
  m_LocalRotation: {x: -0, y: -0, z: -0, w: 1}
  m_LocalPosition: {x: 1, y: -6.5, z: 0}
  m_LocalScale: {x: 1, y: 1, z: 1}
  m_LocalEulerAnglesHint: {x: 0, y: 0, z: 0}
  m_Children: []
  m_Father: {fileID: 285630143}
  m_RootOrder: 12
--- !u!4 &988658344
Transform:
  m_ObjectHideFlags: 0
  m_PrefabParentObject: {fileID: 4000013015153420, guid: 997997bbe908b0c42b570e2d7d17a91f,
    type: 2}
  m_PrefabInternal: {fileID: 0}
  m_GameObject: {fileID: 451891432}
  m_LocalRotation: {x: -0, y: -0, z: -0, w: 1}
  m_LocalPosition: {x: 3, y: 5.5, z: 0}
  m_LocalScale: {x: 1, y: 1, z: 1}
  m_LocalEulerAnglesHint: {x: 0, y: 0, z: 0}
  m_Children: []
  m_Father: {fileID: 285630143}
  m_RootOrder: 5
--- !u!1 &1029336647
GameObject:
  m_ObjectHideFlags: 0
  m_PrefabParentObject: {fileID: 1000014216960576, guid: 997997bbe908b0c42b570e2d7d17a91f,
    type: 2}
  m_PrefabInternal: {fileID: 0}
  serializedVersion: 4
  m_Component:
  - 4: {fileID: 1153897911}
  m_Layer: 0
  m_Name: GreatGrandparent0
  m_TagString: Untagged
  m_Icon: {fileID: 0}
  m_NavMeshLayer: 0
  m_StaticEditorFlags: 0
  m_IsActive: 1
--- !u!1 &1079991481
GameObject:
  m_ObjectHideFlags: 0
  m_PrefabParentObject: {fileID: 0}
  m_PrefabInternal: {fileID: 0}
  serializedVersion: 4
  m_Component:
  - 4: {fileID: 1079991484}
  - 114: {fileID: 1079991483}
  - 114: {fileID: 1079991482}
  m_Layer: 0
  m_Name: EventSystem
  m_TagString: Untagged
  m_Icon: {fileID: 0}
  m_NavMeshLayer: 0
  m_StaticEditorFlags: 0
  m_IsActive: 1
--- !u!114 &1079991482
MonoBehaviour:
  m_ObjectHideFlags: 0
  m_PrefabParentObject: {fileID: 0}
  m_PrefabInternal: {fileID: 0}
  m_GameObject: {fileID: 1079991481}
  m_Enabled: 1
  m_EditorHideFlags: 0
  m_Script: {fileID: 1077351063, guid: f5f67c52d1564df4a8936ccd202a3bd8, type: 3}
  m_Name: 
  m_EditorClassIdentifier: 
  m_HorizontalAxis: Horizontal
  m_VerticalAxis: Vertical
  m_SubmitButton: Submit
  m_CancelButton: Cancel
  m_InputActionsPerSecond: 10
  m_RepeatDelay: 0.5
  m_ForceModuleActive: 0
--- !u!114 &1079991483
MonoBehaviour:
  m_ObjectHideFlags: 0
  m_PrefabParentObject: {fileID: 0}
  m_PrefabInternal: {fileID: 0}
  m_GameObject: {fileID: 1079991481}
  m_Enabled: 1
  m_EditorHideFlags: 0
  m_Script: {fileID: -619905303, guid: f5f67c52d1564df4a8936ccd202a3bd8, type: 3}
  m_Name: 
  m_EditorClassIdentifier: 
  m_FirstSelected: {fileID: 0}
  m_sendNavigationEvents: 1
  m_DragThreshold: 5
--- !u!4 &1079991484
Transform:
  m_ObjectHideFlags: 0
  m_PrefabParentObject: {fileID: 0}
  m_PrefabInternal: {fileID: 0}
  m_GameObject: {fileID: 1079991481}
  m_LocalRotation: {x: 0, y: 0, z: 0, w: 1}
  m_LocalPosition: {x: 0, y: 0, z: 0}
  m_LocalScale: {x: 1, y: 1, z: 1}
  m_LocalEulerAnglesHint: {x: 0, y: 0, z: 0}
  m_Children: []
  m_Father: {fileID: 0}
  m_RootOrder: 4
--- !u!1 &1084863528
GameObject:
  m_ObjectHideFlags: 0
  m_PrefabParentObject: {fileID: 0}
  m_PrefabInternal: {fileID: 0}
  serializedVersion: 4
  m_Component:
  - 4: {fileID: 1084863529}
  m_Layer: 0
  m_Name: Humans
  m_TagString: Untagged
  m_Icon: {fileID: 0}
  m_NavMeshLayer: 0
  m_StaticEditorFlags: 0
  m_IsActive: 1
--- !u!4 &1084863529
Transform:
  m_ObjectHideFlags: 0
  m_PrefabParentObject: {fileID: 0}
  m_PrefabInternal: {fileID: 0}
  m_GameObject: {fileID: 1084863528}
  m_LocalRotation: {x: 0, y: 0, z: 0, w: 1}
  m_LocalPosition: {x: 0, y: 0, z: 0}
  m_LocalScale: {x: 0.7, y: 0.7, z: 1}
  m_LocalEulerAnglesHint: {x: 0, y: 0, z: 0}
  m_Children:
  - {fileID: 285630143}
  - {fileID: 1203503477}
  - {fileID: 518143959}
  - {fileID: 1803581485}
  - {fileID: 760151732}
  m_Father: {fileID: 0}
  m_RootOrder: 5
--- !u!1 &1086622877
GameObject:
  m_ObjectHideFlags: 0
  m_PrefabParentObject: {fileID: 1000014216960576, guid: 997997bbe908b0c42b570e2d7d17a91f,
    type: 2}
  m_PrefabInternal: {fileID: 0}
  serializedVersion: 4
  m_Component:
  - 4: {fileID: 228388137}
  m_Layer: 0
  m_Name: GreatGreatGrandparent9
  m_TagString: Untagged
  m_Icon: {fileID: 0}
  m_NavMeshLayer: 0
  m_StaticEditorFlags: 0
  m_IsActive: 1
--- !u!4 &1090685645
Transform:
  m_ObjectHideFlags: 0
  m_PrefabParentObject: {fileID: 4000013015153420, guid: 997997bbe908b0c42b570e2d7d17a91f,
    type: 2}
  m_PrefabInternal: {fileID: 0}
  m_GameObject: {fileID: 584956737}
  m_LocalRotation: {x: -0, y: -0, z: -0, w: 1}
  m_LocalPosition: {x: 7, y: 5.5, z: 0}
  m_LocalScale: {x: 1, y: 1, z: 1}
  m_LocalEulerAnglesHint: {x: 0, y: 0, z: 0}
  m_Children: []
  m_Father: {fileID: 285630143}
  m_RootOrder: 7
--- !u!4 &1108823236
Transform:
  m_ObjectHideFlags: 0
  m_PrefabParentObject: {fileID: 4000013015153420, guid: 997997bbe908b0c42b570e2d7d17a91f,
    type: 2}
  m_PrefabInternal: {fileID: 0}
  m_GameObject: {fileID: 1501502853}
  m_LocalRotation: {x: -0, y: -0, z: -0, w: 1}
  m_LocalPosition: {x: 4, y: 2, z: 0}
  m_LocalScale: {x: 1, y: 1, z: 1}
  m_LocalEulerAnglesHint: {x: 0, y: 0, z: 0}
  m_Children: []
  m_Father: {fileID: 518143959}
  m_RootOrder: 1
--- !u!4 &1123360304
Transform:
  m_ObjectHideFlags: 0
  m_PrefabParentObject: {fileID: 4000013015153420, guid: 997997bbe908b0c42b570e2d7d17a91f,
    type: 2}
  m_PrefabInternal: {fileID: 0}
  m_GameObject: {fileID: 627423971}
  m_LocalRotation: {x: -0, y: -0, z: -0, w: 1}
  m_LocalPosition: {x: -1, y: 5.5, z: 0}
  m_LocalScale: {x: 1, y: 1, z: 1}
  m_LocalEulerAnglesHint: {x: 0, y: 0, z: 0}
  m_Children: []
  m_Father: {fileID: 285630143}
  m_RootOrder: 3
--- !u!4 &1153897911
Transform:
  m_ObjectHideFlags: 0
  m_PrefabParentObject: {fileID: 4000013015153420, guid: 997997bbe908b0c42b570e2d7d17a91f,
    type: 2}
  m_PrefabInternal: {fileID: 0}
  m_GameObject: {fileID: 1029336647}
  m_LocalRotation: {x: -0, y: -0, z: -0, w: 1}
  m_LocalPosition: {x: -6, y: 3, z: 0}
  m_LocalScale: {x: 1, y: 1, z: 1}
  m_LocalEulerAnglesHint: {x: 0, y: 0, z: 0}
  m_Children: []
  m_Father: {fileID: 1203503477}
  m_RootOrder: 0
--- !u!4 &1169454651
Transform:
  m_ObjectHideFlags: 0
  m_PrefabParentObject: {fileID: 4000013015153420, guid: 997997bbe908b0c42b570e2d7d17a91f,
    type: 2}
  m_PrefabInternal: {fileID: 0}
  m_GameObject: {fileID: 856255779}
  m_LocalRotation: {x: -0, y: -0, z: -0, w: 1}
  m_LocalPosition: {x: 3, y: -6.5, z: 0}
  m_LocalScale: {x: 1, y: 1, z: 1}
  m_LocalEulerAnglesHint: {x: 0, y: 0, z: 0}
  m_Children: []
  m_Father: {fileID: 285630143}
  m_RootOrder: 13
--- !u!4 &1173166887
Transform:
  m_ObjectHideFlags: 0
  m_PrefabParentObject: {fileID: 4000013015153420, guid: 997997bbe908b0c42b570e2d7d17a91f,
    type: 2}
  m_PrefabInternal: {fileID: 0}
  m_GameObject: {fileID: 1197927059}
  m_LocalRotation: {x: -0, y: -0, z: -0, w: 1}
  m_LocalPosition: {x: -7, y: -6.5, z: 0}
  m_LocalScale: {x: 1, y: 1, z: 1}
  m_LocalEulerAnglesHint: {x: 0, y: 0, z: 0}
  m_Children: []
  m_Father: {fileID: 285630143}
  m_RootOrder: 8
--- !u!1 &1197927059
GameObject:
  m_ObjectHideFlags: 0
  m_PrefabParentObject: {fileID: 1000014216960576, guid: 997997bbe908b0c42b570e2d7d17a91f,
    type: 2}
  m_PrefabInternal: {fileID: 0}
  serializedVersion: 4
  m_Component:
  - 4: {fileID: 1173166887}
  m_Layer: 0
  m_Name: GreatGreatGrandparent8
  m_TagString: Untagged
  m_Icon: {fileID: 0}
  m_NavMeshLayer: 0
  m_StaticEditorFlags: 0
  m_IsActive: 1
--- !u!1 &1203503476
GameObject:
  m_ObjectHideFlags: 0
  m_PrefabParentObject: {fileID: 0}
  m_PrefabInternal: {fileID: 0}
  serializedVersion: 4
  m_Component:
  - 4: {fileID: 1203503477}
  m_Layer: 0
  m_Name: Great-Grandparents
  m_TagString: Untagged
  m_Icon: {fileID: 0}
  m_NavMeshLayer: 0
  m_StaticEditorFlags: 0
  m_IsActive: 1
--- !u!4 &1203503477
Transform:
  m_ObjectHideFlags: 0
  m_PrefabParentObject: {fileID: 0}
  m_PrefabInternal: {fileID: 0}
  m_GameObject: {fileID: 1203503476}
  m_LocalRotation: {x: -0, y: -0, z: -0, w: 1}
  m_LocalPosition: {x: 0, y: 0, z: 0}
  m_LocalScale: {x: 1, y: 1, z: 1}
  m_LocalEulerAnglesHint: {x: 0, y: 0, z: 0}
  m_Children:
  - {fileID: 1153897911}
  - {fileID: 324970671}
  - {fileID: 565506013}
  - {fileID: 582168251}
  - {fileID: 1690722563}
  - {fileID: 29778912}
  - {fileID: 2035243362}
  - {fileID: 1832218833}
  m_Father: {fileID: 1084863529}
  m_RootOrder: 1
--- !u!1 &1216788926
GameObject:
  m_ObjectHideFlags: 0
  m_PrefabParentObject: {fileID: 1000014216960576, guid: 997997bbe908b0c42b570e2d7d17a91f,
    type: 2}
  m_PrefabInternal: {fileID: 0}
  serializedVersion: 4
  m_Component:
  - 4: {fileID: 1731911116}
  m_Layer: 0
  m_Name: Parent1
  m_TagString: Untagged
  m_Icon: {fileID: 0}
  m_NavMeshLayer: 0
  m_StaticEditorFlags: 0
  m_IsActive: 1
--- !u!1 &1233134585
GameObject:
  m_ObjectHideFlags: 0
  m_PrefabParentObject: {fileID: 1000014216960576, guid: 997997bbe908b0c42b570e2d7d17a91f,
    type: 2}
  m_PrefabInternal: {fileID: 0}
  serializedVersion: 4
  m_Component:
  - 4: {fileID: 565506013}
  m_Layer: 0
  m_Name: GreatGrandparent2
  m_TagString: Untagged
  m_Icon: {fileID: 0}
  m_NavMeshLayer: 0
  m_StaticEditorFlags: 0
  m_IsActive: 1
--- !u!4 &1349707821
Transform:
  m_ObjectHideFlags: 0
  m_PrefabParentObject: {fileID: 4000013015153420, guid: 997997bbe908b0c42b570e2d7d17a91f,
    type: 2}
  m_PrefabInternal: {fileID: 0}
  m_GameObject: {fileID: 2116787156}
  m_LocalRotation: {x: -0, y: -0, z: -0, w: 1}
  m_LocalPosition: {x: 5, y: 5.5, z: 0}
  m_LocalScale: {x: 1, y: 1, z: 1}
  m_LocalEulerAnglesHint: {x: 0, y: 0, z: 0}
  m_Children: []
  m_Father: {fileID: 285630143}
  m_RootOrder: 6
--- !u!4 &1382942545
Transform:
  m_ObjectHideFlags: 0
  m_PrefabParentObject: {fileID: 4000013015153420, guid: 997997bbe908b0c42b570e2d7d17a91f,
    type: 2}
  m_PrefabInternal: {fileID: 0}
  m_GameObject: {fileID: 1740245166}
  m_LocalRotation: {x: -0, y: -0, z: -0, w: 1}
  m_LocalPosition: {x: -5, y: 5.5, z: 0}
  m_LocalScale: {x: 1, y: 1, z: 1}
  m_LocalEulerAnglesHint: {x: 0, y: 0, z: 0}
  m_Children: []
  m_Father: {fileID: 285630143}
  m_RootOrder: 1
--- !u!4 &1442325214
Transform:
  m_ObjectHideFlags: 0
  m_PrefabParentObject: {fileID: 4000013015153420, guid: 997997bbe908b0c42b570e2d7d17a91f,
    type: 2}
  m_PrefabInternal: {fileID: 0}
  m_GameObject: {fileID: 617159659}
  m_LocalRotation: {x: -0, y: -0, z: -0, w: 1}
  m_LocalPosition: {x: -4, y: -3, z: 0}
  m_LocalScale: {x: 1, y: 1, z: 1}
  m_LocalEulerAnglesHint: {x: 0, y: 0, z: 0}
  m_Children: []
  m_Father: {fileID: 518143959}
  m_RootOrder: 2
--- !u!4 &1446664742
Transform:
  m_ObjectHideFlags: 0
  m_PrefabParentObject: {fileID: 4000013015153420, guid: 997997bbe908b0c42b570e2d7d17a91f,
    type: 2}
  m_PrefabInternal: {fileID: 0}
  m_GameObject: {fileID: 2065948585}
  m_LocalRotation: {x: -0, y: -0, z: -0, w: 1}
  m_LocalPosition: {x: -1, y: -6.5, z: 0}
  m_LocalScale: {x: 1, y: 1, z: 1}
  m_LocalEulerAnglesHint: {x: 0, y: 0, z: 0}
  m_Children: []
  m_Father: {fileID: 285630143}
  m_RootOrder: 11
--- !u!4 &1472372149
Transform:
  m_ObjectHideFlags: 0
  m_PrefabParentObject: {fileID: 4000013015153420, guid: 997997bbe908b0c42b570e2d7d17a91f,
    type: 2}
  m_PrefabInternal: {fileID: 0}
  m_GameObject: {fileID: 83921686}
  m_LocalRotation: {x: -0, y: -0, z: -0, w: 1}
  m_LocalPosition: {x: 4, y: -3, z: 0}
  m_LocalScale: {x: 1, y: 1, z: 1}
  m_LocalEulerAnglesHint: {x: 0, y: 0, z: 0}
  m_Children: []
  m_Father: {fileID: 518143959}
  m_RootOrder: 3
--- !u!1 &1501502853
GameObject:
  m_ObjectHideFlags: 0
  m_PrefabParentObject: {fileID: 1000014216960576, guid: 997997bbe908b0c42b570e2d7d17a91f,
    type: 2}
  m_PrefabInternal: {fileID: 0}
  serializedVersion: 4
  m_Component:
  - 4: {fileID: 1108823236}
  m_Layer: 0
  m_Name: Grandparent1
  m_TagString: Untagged
  m_Icon: {fileID: 0}
  m_NavMeshLayer: 0
  m_StaticEditorFlags: 0
  m_IsActive: 1
--- !u!1 &1510393147
GameObject:
  m_ObjectHideFlags: 0
  m_PrefabParentObject: {fileID: 1000014216960576, guid: 997997bbe908b0c42b570e2d7d17a91f,
    type: 2}
  m_PrefabInternal: {fileID: 0}
  serializedVersion: 4
  m_Component:
  - 4: {fileID: 2035243362}
  m_Layer: 0
  m_Name: GreatGrandparent6
  m_TagString: Untagged
  m_Icon: {fileID: 0}
  m_NavMeshLayer: 0
  m_StaticEditorFlags: 0
  m_IsActive: 1
--- !u!1 &1554682261
GameObject:
  m_ObjectHideFlags: 0
  m_PrefabParentObject: {fileID: 1000014216960576, guid: 997997bbe908b0c42b570e2d7d17a91f,
    type: 2}
  m_PrefabInternal: {fileID: 0}
  serializedVersion: 4
  m_Component:
  - 4: {fileID: 1832218833}
  m_Layer: 0
  m_Name: GreatGrandparent7
  m_TagString: Untagged
  m_Icon: {fileID: 0}
  m_NavMeshLayer: 0
  m_StaticEditorFlags: 0
  m_IsActive: 1
--- !u!1 &1563133661
GameObject:
  m_ObjectHideFlags: 0
  m_PrefabParentObject: {fileID: 1000014216960576, guid: 997997bbe908b0c42b570e2d7d17a91f,
    type: 2}
  m_PrefabInternal: {fileID: 0}
  serializedVersion: 4
  m_Component:
  - 4: {fileID: 2067985221}
  m_Layer: 0
  m_Name: GreatGreatGrandparent15
  m_TagString: Untagged
  m_Icon: {fileID: 0}
  m_NavMeshLayer: 0
  m_StaticEditorFlags: 0
  m_IsActive: 1
--- !u!4 &1614800113
Transform:
  m_ObjectHideFlags: 0
  m_PrefabParentObject: {fileID: 4000013015153420, guid: 997997bbe908b0c42b570e2d7d17a91f,
    type: 2}
  m_PrefabInternal: {fileID: 0}
  m_GameObject: {fileID: 1703874750}
  m_LocalRotation: {x: -0, y: -0, z: -0, w: 1}
  m_LocalPosition: {x: -7, y: 5.5, z: 0}
  m_LocalScale: {x: 1, y: 1, z: 1}
  m_LocalEulerAnglesHint: {x: 0, y: 0, z: 0}
  m_Children: []
  m_Father: {fileID: 285630143}
  m_RootOrder: 0
--- !u!4 &1690722563
Transform:
  m_ObjectHideFlags: 0
  m_PrefabParentObject: {fileID: 4000013015153420, guid: 997997bbe908b0c42b570e2d7d17a91f,
    type: 2}
  m_PrefabInternal: {fileID: 0}
  m_GameObject: {fileID: 770510710}
  m_LocalRotation: {x: -0, y: -0, z: -0, w: 1}
  m_LocalPosition: {x: -6, y: -4, z: 0}
  m_LocalScale: {x: 1, y: 1, z: 1}
  m_LocalEulerAnglesHint: {x: 0, y: 0, z: 0}
  m_Children: []
  m_Father: {fileID: 1203503477}
  m_RootOrder: 4
--- !u!1 &1703874750
GameObject:
  m_ObjectHideFlags: 0
  m_PrefabParentObject: {fileID: 1000014216960576, guid: 997997bbe908b0c42b570e2d7d17a91f,
    type: 2}
  m_PrefabInternal: {fileID: 0}
  serializedVersion: 4
  m_Component:
  - 4: {fileID: 1614800113}
  m_Layer: 0
  m_Name: GreatGreatGrandparent0
  m_TagString: Untagged
  m_Icon: {fileID: 0}
  m_NavMeshLayer: 0
  m_StaticEditorFlags: 0
  m_IsActive: 1
--- !u!1 &1719587283
GameObject:
  m_ObjectHideFlags: 0
  m_PrefabParentObject: {fileID: 1000014216960576, guid: 997997bbe908b0c42b570e2d7d17a91f,
    type: 2}
  m_PrefabInternal: {fileID: 0}
  serializedVersion: 4
  m_Component:
  - 4: {fileID: 786003843}
  m_Layer: 0
  m_Name: Grandparent0
  m_TagString: Untagged
  m_Icon: {fileID: 0}
  m_NavMeshLayer: 0
  m_StaticEditorFlags: 0
  m_IsActive: 1
--- !u!4 &1731911116
Transform:
  m_ObjectHideFlags: 0
  m_PrefabParentObject: {fileID: 4000013015153420, guid: 997997bbe908b0c42b570e2d7d17a91f,
    type: 2}
  m_PrefabInternal: {fileID: 0}
  m_GameObject: {fileID: 1216788926}
  m_LocalRotation: {x: -0, y: -0, z: -0, w: 1}
  m_LocalPosition: {x: 0, y: -3, z: 0}
  m_LocalScale: {x: 1, y: 1, z: 1}
  m_LocalEulerAnglesHint: {x: 0, y: 0, z: 0}
  m_Children: []
  m_Father: {fileID: 1803581485}
  m_RootOrder: 1
--- !u!1 &1740245166
GameObject:
  m_ObjectHideFlags: 0
  m_PrefabParentObject: {fileID: 1000014216960576, guid: 997997bbe908b0c42b570e2d7d17a91f,
    type: 2}
  m_PrefabInternal: {fileID: 0}
  serializedVersion: 4
  m_Component:
  - 4: {fileID: 1382942545}
  m_Layer: 0
  m_Name: GreatGreatGrandparent1
  m_TagString: Untagged
  m_Icon: {fileID: 0}
  m_NavMeshLayer: 0
  m_StaticEditorFlags: 0
  m_IsActive: 1
--- !u!1 &1781338964
GameObject:
  m_ObjectHideFlags: 0
  m_PrefabParentObject: {fileID: 1000014216960576, guid: 997997bbe908b0c42b570e2d7d17a91f,
    type: 2}
  m_PrefabInternal: {fileID: 0}
  serializedVersion: 4
  m_Component:
  - 4: {fileID: 401908472}
  m_Layer: 0
  m_Name: GreatGreatGrandparent4
  m_TagString: Untagged
  m_Icon: {fileID: 0}
  m_NavMeshLayer: 0
  m_StaticEditorFlags: 0
  m_IsActive: 1
--- !u!1 &1803581484
GameObject:
  m_ObjectHideFlags: 0
  m_PrefabParentObject: {fileID: 0}
  m_PrefabInternal: {fileID: 0}
  serializedVersion: 4
  m_Component:
  - 4: {fileID: 1803581485}
  m_Layer: 0
  m_Name: Parents
  m_TagString: Untagged
  m_Icon: {fileID: 0}
  m_NavMeshLayer: 0
  m_StaticEditorFlags: 0
  m_IsActive: 1
--- !u!4 &1803581485
Transform:
  m_ObjectHideFlags: 0
  m_PrefabParentObject: {fileID: 0}
  m_PrefabInternal: {fileID: 0}
  m_GameObject: {fileID: 1803581484}
  m_LocalRotation: {x: -0, y: -0, z: -0, w: 1}
  m_LocalPosition: {x: 0, y: 0, z: 0}
  m_LocalScale: {x: 1, y: 1, z: 1}
  m_LocalEulerAnglesHint: {x: 0, y: 0, z: 0}
  m_Children:
  - {fileID: 2057655026}
  - {fileID: 1731911116}
  m_Father: {fileID: 1084863529}
  m_RootOrder: 3
--- !u!4 &1811895244
Transform:
  m_ObjectHideFlags: 0
  m_PrefabParentObject: {fileID: 4000013015153420, guid: 997997bbe908b0c42b570e2d7d17a91f,
    type: 2}
  m_PrefabInternal: {fileID: 0}
  m_GameObject: {fileID: 953982672}
  m_LocalRotation: {x: -0, y: -0, z: -0, w: 1}
  m_LocalPosition: {x: -3, y: -6.5, z: 0}
  m_LocalScale: {x: 1, y: 1, z: 1}
  m_LocalEulerAnglesHint: {x: 0, y: 0, z: 0}
  m_Children: []
  m_Father: {fileID: 285630143}
  m_RootOrder: 10
--- !u!4 &1832218833
Transform:
  m_ObjectHideFlags: 0
  m_PrefabParentObject: {fileID: 4000013015153420, guid: 997997bbe908b0c42b570e2d7d17a91f,
    type: 2}
  m_PrefabInternal: {fileID: 0}
  m_GameObject: {fileID: 1554682261}
  m_LocalRotation: {x: -0, y: -0, z: -0, w: 1}
  m_LocalPosition: {x: 6, y: -4, z: 0}
  m_LocalScale: {x: 1, y: 1, z: 1}
  m_LocalEulerAnglesHint: {x: 0, y: 0, z: 0}
  m_Children: []
  m_Father: {fileID: 1203503477}
  m_RootOrder: 7
--- !u!1 &1894267404
GameObject:
  m_ObjectHideFlags: 0
  m_PrefabParentObject: {fileID: 1000014216960576, guid: 997997bbe908b0c42b570e2d7d17a91f,
    type: 2}
  m_PrefabInternal: {fileID: 0}
  serializedVersion: 4
  m_Component:
  - 4: {fileID: 29778912}
  m_Layer: 0
  m_Name: GreatGrandparent5
  m_TagString: Untagged
  m_Icon: {fileID: 0}
  m_NavMeshLayer: 0
  m_StaticEditorFlags: 0
  m_IsActive: 1
--- !u!1 &2022262943
GameObject:
  m_ObjectHideFlags: 0
  m_PrefabParentObject: {fileID: 1000014216960576, guid: 997997bbe908b0c42b570e2d7d17a91f,
    type: 2}
  m_PrefabInternal: {fileID: 0}
  serializedVersion: 4
  m_Component:
  - 4: {fileID: 324970671}
  m_Layer: 0
  m_Name: GreatGrandparent1
  m_TagString: Untagged
  m_Icon: {fileID: 0}
  m_NavMeshLayer: 0
  m_StaticEditorFlags: 0
  m_IsActive: 1
--- !u!4 &2035243362
Transform:
  m_ObjectHideFlags: 0
  m_PrefabParentObject: {fileID: 4000013015153420, guid: 997997bbe908b0c42b570e2d7d17a91f,
    type: 2}
  m_PrefabInternal: {fileID: 0}
  m_GameObject: {fileID: 1510393147}
  m_LocalRotation: {x: -0, y: -0, z: -0, w: 1}
  m_LocalPosition: {x: 2, y: -4, z: 0}
  m_LocalScale: {x: 1, y: 1, z: 1}
  m_LocalEulerAnglesHint: {x: 0, y: 0, z: 0}
  m_Children: []
  m_Father: {fileID: 1203503477}
  m_RootOrder: 6
--- !u!1 &2050990941
GameObject:
  m_ObjectHideFlags: 0
  m_PrefabParentObject: {fileID: 1000014216960576, guid: 997997bbe908b0c42b570e2d7d17a91f,
    type: 2}
  m_PrefabInternal: {fileID: 0}
  serializedVersion: 4
  m_Component:
  - 4: {fileID: 982402788}
  m_Layer: 0
  m_Name: GreatGreatGrandparent12
  m_TagString: Untagged
  m_Icon: {fileID: 0}
  m_NavMeshLayer: 0
  m_StaticEditorFlags: 0
  m_IsActive: 1
--- !u!4 &2057655026
Transform:
  m_ObjectHideFlags: 0
  m_PrefabParentObject: {fileID: 4000013015153420, guid: 997997bbe908b0c42b570e2d7d17a91f,
    type: 2}
  m_PrefabInternal: {fileID: 0}
  m_GameObject: {fileID: 745695632}
  m_LocalRotation: {x: -0, y: -0, z: -0, w: 1}
  m_LocalPosition: {x: 0, y: 2, z: 0}
  m_LocalScale: {x: 1, y: 1, z: 1}
  m_LocalEulerAnglesHint: {x: 0, y: 0, z: 0}
  m_Children: []
  m_Father: {fileID: 1803581485}
  m_RootOrder: 0
--- !u!1 &2065948585
GameObject:
  m_ObjectHideFlags: 0
  m_PrefabParentObject: {fileID: 1000014216960576, guid: 997997bbe908b0c42b570e2d7d17a91f,
    type: 2}
  m_PrefabInternal: {fileID: 0}
  serializedVersion: 4
  m_Component:
  - 4: {fileID: 1446664742}
  m_Layer: 0
  m_Name: GreatGreatGrandparent11
  m_TagString: Untagged
  m_Icon: {fileID: 0}
  m_NavMeshLayer: 0
  m_StaticEditorFlags: 0
  m_IsActive: 1
--- !u!4 &2067985221
Transform:
  m_ObjectHideFlags: 0
  m_PrefabParentObject: {fileID: 4000013015153420, guid: 997997bbe908b0c42b570e2d7d17a91f,
    type: 2}
  m_PrefabInternal: {fileID: 0}
  m_GameObject: {fileID: 1563133661}
  m_LocalRotation: {x: -0, y: -0, z: -0, w: 1}
  m_LocalPosition: {x: 7, y: -6.5, z: 0}
  m_LocalScale: {x: 1, y: 1, z: 1}
  m_LocalEulerAnglesHint: {x: 0, y: 0, z: 0}
  m_Children: []
  m_Father: {fileID: 285630143}
  m_RootOrder: 15
--- !u!1 &2116787156
GameObject:
  m_ObjectHideFlags: 0
  m_PrefabParentObject: {fileID: 1000014216960576, guid: 997997bbe908b0c42b570e2d7d17a91f,
    type: 2}
  m_PrefabInternal: {fileID: 0}
  serializedVersion: 4
  m_Component:
  - 4: {fileID: 1349707821}
  m_Layer: 0
  m_Name: GreatGreatGrandparent6
  m_TagString: Untagged
  m_Icon: {fileID: 0}
  m_NavMeshLayer: 0
  m_StaticEditorFlags: 0
  m_IsActive: 1
